<record><leader>00000cas a2200000Ma 4500</leader><controlfield tag="001">10969958</controlfield><controlfield tag="008">840720d18311832nhuwr ne      0    0eng d</controlfield><datafield ind1=" " ind2=" " tag="010"><subfield code="a">sn 84023723 </subfield></datafield><datafield ind1=" " ind2=" " tag="040"><subfield code="a">AQM</subfield><subfield code="b">eng</subfield><subfield code="c">AQM</subfield><subfield code="d">OCLCQ</subfield></datafield><datafield ind1="0" ind2="0" tag="245"><subfield code="a">Farmer's advocate and political adventurer.</subfield></datafield><datafield ind1=" " ind2=" " tag="260"><subfield code="a">Newport, N.H. :</subfield><subfield code="b">Newton &amp; Holton</subfield></datafield><datafield ind1=" " ind2=" " tag="300"><subfield code="a">v.</subfield></datafield><datafield ind1=" " ind2=" " tag="310"><subfield code="a">Weekly</subfield></datafield><datafield ind1="1" ind2=" " tag="362"><subfield code="a">Began with Apr. 7, 1831 issue; ceased with Mar. 29, 1832 issue.</subfield><subfield code="z">Cf. Moore, J.B. "Hist. of newspapers published in N.H." Am. quarterly register 13 (1840): 170-181.</subfield></datafield><datafield ind1=" " ind2=" " tag="500"><subfield code="a">Published every Thursday.</subfield></datafield><datafield ind1=" " ind2=" " tag="500"><subfield code="a">Publishers: H. &amp; H.E. Newton &lt;1831&gt;.</subfield></datafield><datafield ind1=" " ind2=" " tag="588"><subfield code="a">Description based on: Vol. 1, no. 6 (May 12, 1831).</subfield></datafield><datafield ind1=" " ind2="7" tag="655"><subfield code="a">Agricultural newspapers.</subfield><subfield code="2">ngl</subfield></datafield><datafield ind1=" " ind2=" " tag="752"><subfield code="a">United States</subfield><subfield code="b">New Hampshire</subfield><subfield code="c">Sullivan</subfield><subfield code="d">Newport.</subfield></datafield></record>